@misc{facenet,
      title={FaceNet: A Unified Embedding for Face Recognition and Clustering}, 
      author={Florian Schroff, Dmitry Kalenichenko, James Philbin},
      year={2015},
      eprint={1503.03832},
      archivePrefix={arXiv},
      primaryClass={cs.CV}
}

@misc{facenetpytorch,
  author = {Tim Esler et al.},
  title = {{facenet-pytorch}: Pretrained Pytorch models for face recognition with deep learning},
  year = {2024},  
  howpublished = {GitHub repository},
  url = {https://github.com/timesler/facenet-pytorch},
  note = {Accessed: 2024-04-12}  
}



@inproceedings{rmn,
  title={Facial expression recognition using residual masking network},
  author={Pham, Luan and Vu, The Huynh and Tran, Tuan Anh},
  booktitle={2020 25th International Conference on Pattern Recognition (ICPR)},
  pages={4513--4519},
  year={2021},
  organization={IEEE}
}

@incollection{theorymediabias,
  author = {S. R. Lichter},
  title = {Theories of Media Bias},
  booktitle = {The Oxford Handbook of Political Communication},
  pages = {403--416},
  year = {2017},
  publisher = {Oxford University Press}
}

@book{historyUSNews,
  author    = {Michael Schudson},
  title     = {Discovering the News: A Social History of American Newspapers},
  publisher = {Basic Books},
  year      = {1981}
}

@article{WhatDrivesMediaSlant,
  author = {Matthew Gentzkow and Jesse M. Shapiro},
  title = {What drives media slant? Evidence from US daily newspapers},
  journal = {Econometrica},
  volume = {78},
  number = {1},
  pages = {35--71},
  year = {2010}
}

@misc{allsidesbias2024,
  author = {AllSides},
  title = {Media Bias Rating Methods},
  year = {2024}, 
  howpublished = {\url{https://www.allsides.com/media-bias/media-bias-rating-methods}}
}

@misc{allsides2024,
  author = {AllSides},
  title = {Media Bias Ratings},
  year = {2024},
  howpublished = {\url{https://www.allsides.com/media-bias/ratings}},

}


@misc{adfont,
  author = {Vanessa Otero},
  title = {White paper: Multi-analyst content analysis methodology September 2021},
  year = {2021},
  howpublished = {Ad Fontes Media},
  note = {\url{https://adfontesmedia.com/white-paper-2021/}},
}


@inproceedings{MLM,
  author = {Xiaobo Guo and Weicheng Ma and Soroush Vosoughi},
  title = {Measuring Media Bias via Masked Language Modeling},
  booktitle = {Proceedings of the International AAAI Conference on Web and Social Media},
  volume = {16},
  pages = {1404--1408},
  year = {2022},
  month = {May}
}

@book{imagebite,
  author    = {Maria Elizabeth Grabe and Erik Page Bucy},
  title     = {Image Bite Politics: News and the Visual Framing of Elections},
  publisher = {Oxford University Press},
  year      = {2009}
}

@article{visualframing,
  author = {Lulu Rodriguez and Daniela V. Dimitrova},
  title = {The Levels of Visual Framing},
  journal = {Journal of Visual Literacy},
  volume = {30},
  number = {1},
  pages = {48--65},
  year = {2011},
}


@article{emotions,
  author = {Paul Ekman},
  title = {An Argument for Basic Emotions},
  journal = {Cognition & Emotion},
  volume = {6},
  number = {3-4},
  pages = {169--200},
  year = {1992}
}

@article{compoundemotion,
  author = {Shichuan Du and Yong Tao and Aleix M. Martinez},
  title = {Compound Facial Expressions of Emotion},
  journal = {Proceedings of the National Academy of Sciences},
  volume = {111},
  number = {15},
  pages = {E1454--E1462},
  year = {2014}
}


@misc{dataset,
  author = {James Turk},
  title = {Title of Dataset},
  year = {2023},
  howpublished = {Available online},
  url = {https://drive.google.com/file/d/1QWZ5JAdihzDzdTQX2Xjk4rFNm_ixurz7/view?usp=drive_link},
  note = {Accessed on: September 7, 2023}
}

@misc{wikimedia,
  author = {Jimmy Wales},
  title = {Wikimedia},
  year = {2001},
  note = {Reference to the founding or description of Wikimedia}
}

@article{mtcnn,
  author    = {Kaipeng Zhang and Zhanpeng Zhang and Zhifeng Li and Yu Qiao},
  title     = {Joint Face Detection and Alignment Using Multitask Cascaded Convolutional Networks},
  journal   = {IEEE Signal Processing Letters},
  volume    = {23},
  number    = {10},
  pages     = {1499--1503},
  year      = {2016},
  doi       = {10.1109/LSP.2016.2603342}  % Include the DOI if available and applicable
}

@misc{fer2013,
  author = {{International Conference on Machine Learning (ICML)}},
  title = {FER2013 Dataset},
  howpublished = {Kaggle Dataset},
  year = {2013},  
  url = {https://www.kaggle.com/datasets/msambare/fer2013},
  note = {Accessed on April 12, 2024}  % Update with the actual access date
}

@inproceedings{fer2013,
  author       = {Ian J. Goodfellow and Dumitru Erhan and Pierre Luc Carrier and Aaron Courville and Mehdi Mirza and Ben Hamner and Will Cukierski and Yichuan Tang and David Thaler and Dong-Hyun Lee and Yang Zhou and Yoshua Bengio},
  title        = {Challenges in Representation Learning: A Report on Three Machine Learning Contests},
  booktitle    = {Proceedings of the 20th International Conference on Neural Information Processing (ICONIP 2013), Part III},
  pages        = {117--124},
  year         = {2013},
  publisher    = {Springer Berlin Heidelberg},
  address      = {Daegu, Korea},
  month        = nov,
  volume       = {20}
}


@misc{muscle,
  author    = {Katherine E. Westbrook and Trevor A. Nessel and Marc H. Hohman and Matthew Varacallo},
  title     = {Anatomy, Head and Neck, Facial Muscles},
  year      = {2018},
  note      = {Detailed review of the anatomical structure of facial muscles}
}

@misc{reko,
  title = {Amazon Rekognition},
  howpublished = {Web page},
  year = {2024},  
  url = {https://aws.amazon.com/rekognition/},
  note = {Accessed on April 12, 2024}  % Update with the actual date you accessed the website
}
